@conference{conf,
  author = "First Author and Second Author and Third NonRelatedAuthor",
  title = "This is the paper title",
  booktitle = "This is the proceedings title",
  year = "2008",
  pages = "1--8"
}

@article{article,
  author = "By Myself",
  title = "This is the title of the journal article",
  journal = "This is the name of the journal",
  year = "2007",
  pages = "1--30"
}

@book{book,
  author = "Another Great",
  title = "This is the book title",
  publisher = "This is the name of the publisher",
  year = "2006"
}

