


@Article{perez14,
author = {Diego Perez and Edward J. Powley and Daniel Whitehouse and Philipp Rohlfshagen and Spyridon Samothrakis and Peter I. Cowling and Simon M. Lucas},
title = {Solving the Physical Travelling Salesman Problem: Tree Search and Macro-Actions},
journal = {IEEE Transactions on Computational Intelligence and Games},
year = {2014},
}


@Article{powley12,
author = {Edward J. Powley and Daniel Whitehouse and Peter I. Cowling},
title = {Monte Carlo Tree Search with macro-actions and heuristic route planning for the Physical Travelling Salesman Problem},
journal = {IEEE Transactions on Computational Intelligence and Games},
year = {2012},
}

@Article{roberts13,
author = {Samuel A. Roberts and Simon M. Lucas},
title = {Measuring Interestingness of Continuous Game Problems},
journal = {IEEE Transactions on Computational Intelligence and Games},
year = {2013},
}


@online{lunar,
  author = {Jonathan Shewchuk},
  title = {Project: Lunar Lander},
  year = 2014,
  url = {http://www.cs.berkeley.edu/~jrs/4/lunar.html},
  urldate = {2014-04-09}
}




@Article{samothrakis10,
author = {Spyridon Samothrakis and David Robles and Simon M. Lucas},
title = {A UCT Agent for Tron: Initial Investigations},
journal = {IEEE Symposium on Computational Intelligence and Games},
year = {2010},
}

% This file was created with JabRef 2.7b.
% Encoding: UTF-8

@ARTICLE{auer2002finite,
  author = {Auer, P. and Cesa-Bianchi, N. and Fischer, P.},
  title = {{Finite-time Analysis of the Multiarmed Bandit
Problem}},
  journal = {Machine learning},
  year = {2002},
  volume = {47},
  pages = {235--256},
  number = {2},
  publisher = {Springer}
}

@ARTICLE{browne2012survey,
  author = {Browne, C.B. and Powley, E. and Whitehouse, D. and Lucas, S.M. and
	Cowling, P.I. and Rohlfshagen, P. and Tavener, S. and Perez, D. and
	Samothrakis, S. and Colton, S.},
  title = {{A Survey of Monte Carlo Tree Search Methods}},
  journal = {Computational Intelligence and AI in Games, IEEE Transactions on},
  year = {2012},
  volume = {4},
  pages = {1--43},
  number = {1},
  publisher = {IEEE}
}

@ARTICLE{hoo2011,
  author = {S. Bubeck and R. Munos and G. Stoltz and Cs. Szepesv\'ari},
  title = {{X-Armed Bandits}},
  journal = {Journal of Machine Learning Research},
  year = {2011},
  volume = {12},
  pages = {1655-1695}
}

@BOOK{chang2007simulation,
  title = {{Simulation-based algorithms for Markov decision processes }},
  publisher = {Springer Verlag London Limited UK},
  year = {2007},
  author = {Chang, I. and Fu, M.C. and Hu, J. and Marcus, S.I.}
}

@ELECTRONIC{bbopnoisy,
  author = {Steffen Finck and Nikolaus Hansen and Raymond Ros and Anne Auger},
  month = {Dec},
  year = {2012},
  title = {{Real-Parameter Black-Box Optimization Benchmarking 2010: Noisy Functions
	Definitions}},
  organization = {INRIA},
  url = {http://coco.lri.fr/downloads/download11.06/bbobdocnoisyfunctions.pdf},
  owner = {ssamot},
  timestamp = {2012.11.29}
}

@TECHREPORT{gelly2006modification,
  author = {Gelly, S. and Wang, Y. and Munos, R. and Teytaud, O. and others},
  title = {Modification of UCT with Patterns in Monte-Carlo Go},
  institution = {INRIA},
  year = {2006}
}

@BOOK{goldberg1989genetic,
  title = {{Genetic algorithms in search, optimization, and machine learning}},
  publisher = {Addison-wesley},
  year = {1989},
  author = {Goldberg, D.E.},
  isbn = {0201157675}
}

@INPROCEEDINGS{gomez1999solving,
  author = {Gomez, F.J. and Miikkulainen, R.},
  title = {Solving non-Markovian control tasks with neuroevolution},
  booktitle = {International Joint Conference on Artificial Intelligence},
  year = {1999},
  volume = {16},
  pages = {1356--1361},
  organization = {LAWRENCE ERLBAUM ASSOCIATES LTD}
}

@inproceedings{PazisBAS,
 author = {Pazis, Jason and Lagoudakis, Michail G.},
 title = {Binary Action Search for Learning Continuous-action Control Policies},
 booktitle = {Proceedings of the 26th Annual International Conference on Machine Learning},
 series = {ICML '09},
 year = {2009},
 isbn = {978-1-60558-516-1},
 location = {Montreal, Quebec, Canada},
 pages = {793--800},
 numpages = {8},
 publisher = {ACM},
 address = {New York, NY, USA},
}

@ARTICLE{gomez2008accelerated,
  author = {Gomez, F. and Schmidhuber, J. and Miikkulainen, R.},
  title = {Accelerated neural evolution through cooperatively coevolved synapses},
  journal = {The Journal of Machine Learning Research},
  year = {2008},
  volume = {9},
  pages = {937--965},
  publisher = {JMLR. org}
}



@incollection{Hansen2006,
year={2006},
isbn={978-3-540-29006-3},
booktitle={Towards a New Evolutionary Computation},
volume={192},
series={Studies in Fuzziness and Soft Computing},
editor={Lozano, JoseA. and Larrañaga, Pedro and Inza, Iñaki and Bengoetxea, Endika},
doi={10.1007/3-540-32494-1_4},
title={The CMA Evolution Strategy: A Comparing Review},
url={http://dx.doi.org/10.1007/3-540-32494-1_4},
publisher={Springer Berlin Heidelberg},
author={Hansen, Nikolaus},
pages={75-102},
language={English}
}


@ARTICLE{hansen2003reducing,
  author = {Hansen, N. and Muller, S.D. and Koumoutsakos, P.},
  title = {{Reducing the time complexity of the derandomized evolution strategy
	with covariance matrix adaptation (CMA-ES)}},
  journal = {Evolutionary Computation},
  year = {2003},
  volume = {11},
  pages = {1--18},
  number = {1},
  publisher = {MIT Press}
}

@ARTICLE{hansen2009tec,
  author = {Hansen, N. and Niederberger, S.P.N. and Guzzella, L. and Koumoutsakos,
	P.},
  title = {{A Method for Handling Uncertainty in Evolutionary Optimization with
	an Application to Feedback Control of Combustion}},
  journal = {IEEE Transactions on Evolutionary Computation},
  year = {2009},
  volume = {13},
  pages = {180--197},
  number = {1},
  publisher = {IEEE}
}

@INPROCEEDINGS{heidrich2009uncertainty,
  author = {Heidrich-Meisner, V. and Igel, C.},
  title = {Uncertainty handling CMA-ES for reinforcement learning},
  booktitle = {Proceedings of the 11th Annual conference on Genetic and evolutionary
	computation},
  year = {2009},
  pages = {1211--1218},
  organization = {ACM}
}

@ARTICLE{howard1960dynamic,
  author = {Howard, R.},
  title = {Dynamic programming and Markov decision processes},
  journal = {Cambridge, MA},
  year = {1960}
}

@ARTICLE{kaelbling1998planning,
  author = {Kaelbling, L.P. and Littman, M.L. and Cassandra, A.R.},
  title = {{Planning and acting in partially observable stochastic domains}},
  journal = {Artificial Intelligence},
  year = {1998},
  volume = {101},
  pages = {99--134},
  number = {1-2},
  issn = {0004-3702},
  publisher = {Elsevier}
}

@ARTICLE{citeulike:1584916,
  author = {Kearns, Michael and Mansour, Yishay and Ng, Andrew Y.},
  title = {{A Sparse Sampling Algorithm for Near-Optimal Planning in Large Markov
	Decision Processes}},
  journal = {Machine Learning},
  year = {2002},
  volume = {49},
  pages = {193--208},
  number = {2},
  month = nov,
  publisher = {Springer Netherlands}
}

@ARTICLE{kocsis2006bandit,
  author = {Kocsis, L. and Szepesv{\'a}ri, C.},
  title = {{Bandit based Monte-Carlo Planning}},
  journal = {Machine Learning: ECML 2006},
  year = {2006},
  pages = {282--293},
  publisher = {Springer}
}

@INPROCEEDINGS{mansley2011sample,
  author = {Mansley, C. and Weinstein, A. and Littman, M.L.},
  title = {Sample-based planning for continuous action Markov decision processes},
  booktitle = {Proc. 21st Int. Conf. Automat. Plan. Sched., Freiburg, Germany},
  year = {2011},
  pages = {335--338}
}

@BOOK{Russell2009a,
  title = {{Artificial Intelligence: A Modern Approach}},
  publisher = {Prentice Hall},
  year = {2009},
  author = {Russell, Stuart J. and Norvig, Peter},
  pages = {1132},
  edition = {Third}
}

@INPROCEEDINGS{samothrakis2010planning,
  author = {Samothrakis, S. and Lucas, S.M.},
  title = {Planning using online evolutionary overfitting},
  booktitle = {Computational Intelligence (UKCI), 2010 UK Workshop on},
  year = {2010},
  pages = {1--6},
  organization = {IEEE}
}

@ARTICLE{samothrakis2011fast,
  author = {Samothrakis, S. and Robles, D. and Lucas, S.},
  title = {{Fast Approximate Max-n Monte Carlo Tree Search for Ms Pac-Man}},
  journal = {Computational Intelligence and AI in Games, IEEE Transactions on},
  year = {2011},
  volume = {3},
  pages = {142--154},
  number = {2},
  publisher = {IEEE}
}

@ARTICLE{schadd5131single,
  author = {Schadd, M.P.D. and Winands, M.H.M. and van den Herik, H.J. and Guillaume,
	M.J.B.C. and Uiterwijk, J.W.H.M.},
  title = {{Single-player Monte-Carlo tree search}},
  journal = {Computers and Games},
  volume = {5131},
  pages = {1--12},
  publisher = {Springer}
}

@techreport{shewchuk1994introduction,
 author = {Shewchuk, Jonathan R},
 title = {An Introduction to the Conjugate Gradient Method Without the Agonizing Pain},
 year = {1994},
 source = {http://www.ncstrl.org:8900/ncstrl/servlet/search?formname=detail\&id=oai%3Ancstrlh%3Acmucs%3ACMU%2F%2FCS-94-125},
 publisher = {Carnegie Mellon University},
 address = {Pittsburgh, PA, USA},
}

@BOOK{silver2009reinforcement,
  title = {{Reinforcement Learning and Simulation-Based Search in Computer Go}},
  publisher = {University of Alberta},
  year = {2009},
  author = {Silver, D.}
}

@BOOK{sutton1998reinforcement,
  title = {Reinforcement learning: An introduction},
  publisher = {Cambridge Univ Press},
  year = {1998},
  author = {Sutton, R.S. and Barto, A.G.},
}

@inproceedings{perez2013rolling,
author = {Perez, Diego and Samothrakis, Spyridon and Lucas, Simon and Rohlfshagen, Philipp},
 title = {{Rolling Horizon Evolution Versus Tree Search for Navigation in Single-player Real-time Games}},
 booktitle = {Proceedings of the 15th Annual Conference on Genetic and Evolutionary Computation},
 series = {GECCO '13},
 year = {2013},
 isbn = {978-1-4503-1963-8},
 location = {Amsterdam, The Netherlands},
 pages = {351--358},
 numpages = {8},
 url = {http://doi.acm.org/10.1145/2463372.2463413},
 doi = {10.1145/2463372.2463413},
 acmid = {2463413},
 publisher = {ACM},
 address = {New York, NY, USA},
 keywords = {ai, evolutionary algorithms, games, mcts, real time},
}

@INPROCEEDINGS{weinstein2012bandit,
  author = {Weinstein, A. and Littman, M.L.},
  title = {{Bandit-Based Planning and Learning in Continuous-Action Markov Decision
	Processes}},
  booktitle = {Twenty-Second International Conference on Automated Planning and
	Scheduling},
  year = {2012}
}

@ARTICLE{xiang2012differential,
  author = {Xiang-Yin, Z. and Hai-Bin, D.},
  title = {Differential evolution-based receding horizon control design for
	multi-UAVs formation reconfiguration},
  journal = {Transactions of the Institute of Measurement and Control},
  year = {2012},
  volume = {34},
  pages = {165--183},
  number = {2-3},
  publisher = {SAGE Publications}
}


