


@Article{perez14,
author = {Diego Perez and Edward J. Powley and Daniel Whitehouse and Philipp Rohlfshagen and Spyridon Samothrakis and Peter I. Cowling and Simon M. Lucas},
title = {Solving the Physical Travelling Salesman Problem: Tree Search and Macro-Actions},
journal = {IEEE Transactions on Computational Intelligence and Games},
year = {2014},
}


@Article{powley12,
author = {Edward J. Powley and Daniel Whitehouse and Peter I. Cowling},
title = {Monte Carlo Tree Search with macro-actions and heuristic route planning for the Physical Travelling Salesman Problem},
journal = {IEEE Transactions on Computational Intelligence and Games},
year = {2012},
}

@Article{roberts13,
author = {Samuel A. Roberts and Simon M. Lucas},
title = {Measuring Interestingness of Continuous Game Problems},
journal = {IEEE Transactions on Computational Intelligence and Games},
year = {2013},
}







@Article{samothrakis10,
author = {Spyridon Samothrakis and David Robles and Simon M. Lucas},
title = {A UCT Agent for Tron: Initial Investigations},
journal = {IEEE Symposium on Computational Intelligence and Games},
year = {2010},
}
